<record xmlns='http://www.loc.gov/MARC21/slim'><leader>01926cam a2200433 a 4500</leader><controlfield tag='001'>8126677</controlfield><controlfield tag='005'>20191205235840.0</controlfield><controlfield tag='008'>060420s2005    acaa         f000 | eng d</controlfield><datafield ind1='1' ind2=' ' tag='019'><subfield code='a'>40153961</subfield><subfield code='z'>41344744</subfield></datafield><datafield ind1=' ' ind2=' ' tag='020'><subfield code='a'>0642808740</subfield></datafield><datafield ind1=' ' ind2=' ' tag='035'><subfield code='a'>(OCoLC)224893262</subfield></datafield><datafield ind1=' ' ind2=' ' tag='040'><subfield code='a'>NNCU:A</subfield><subfield code='b'>eng</subfield><subfield code='c'>ANL</subfield></datafield><datafield ind1=' ' ind2=' ' tag='042'><subfield code='a'>anuc</subfield></datafield><datafield ind1=' ' ind2=' ' tag='043'><subfield code='a'>u-at---</subfield></datafield><datafield ind1='1' ind2='4' tag='050'><subfield code='a'>HF 5667</subfield><subfield code='b'>.A922 2005-06 no.16</subfield></datafield><datafield ind1='0' ind2='4' tag='082'><subfield code='a'>336.240994</subfield><subfield code='2'>22</subfield></datafield><datafield ind1='1' ind2=' ' tag='110'><subfield code='a'>Australian National Audit Office</subfield></datafield><datafield ind1='1' ind2='4' tag='245'><subfield code='a'>The management and processing of leave /</subfield><subfield code='c'>Australian National Audit Office.</subfield></datafield><datafield ind1=' ' ind2=' ' tag='260'><subfield code='a'>Canberra :</subfield><subfield code='b'>Australian National Audit Office,</subfield><subfield code='c'>2005.</subfield></datafield><datafield ind1=' ' ind2=' ' tag='300'><subfield code='a'>45 p. :</subfield><subfield code='b'>graphs ;</subfield><subfield code='c'>25 cm.</subfield></datafield><datafield ind1='1' ind2=' ' tag='490'><subfield code='a'>Auditor-General audit report,</subfield><subfield code='x'>1036-7632 ;</subfield><subfield code='v'>no. 16, 2005-2006</subfield></datafield><datafield ind1='1' ind2=' ' tag='490'><subfield code='a'>Performance audit / Australian National Audit Office</subfield></datafield><datafield ind1='1' ind2=' ' tag='490'><subfield code='a'>Parliamentary paper / The Parliament of the Commonwealth of Australia,</subfield><subfield code='x'>0727-4181 ;</subfield><subfield code='v'>no. 434 of 2005</subfield></datafield><datafield ind1=' ' ind2=' ' tag='500'><subfield code='a'>Includes index.</subfield></datafield><datafield ind1=' ' ind2=' ' tag='504'><subfield code='a'>Includes bibliographial references and index.</subfield></datafield><datafield ind1=' ' ind2=' ' tag='530'><subfield code='a'>Also available online via the World Wide Web.</subfield></datafield><datafield ind1=' ' ind2=' ' tag='530'><subfield code='a'>Also available online</subfield><subfield code='u'>https://nla.gov.au/nla.obj-2177313260</subfield><subfield code='3'>Nq 328.94 AUS copy</subfield></datafield><datafield ind1='0' ind2='4' tag='650'><subfield code='a'>Annual leave</subfield><subfield code='z'>Australia.</subfield></datafield><datafield ind1='0' ind2='4' tag='650'><subfield code='a'>Long service leave</subfield><subfield code='z'>Australia.</subfield></datafield><datafield ind1='0' ind2='1' tag='650'><subfield code='a'>Vacations, Employee</subfield><subfield code='z'>Australia.</subfield></datafield><datafield ind1=' ' ind2='0' tag='651'><subfield code='a'>Australia</subfield><subfield code='x'>Officials and employees</subfield><subfield code='x'>Leave regulations</subfield><subfield code='x'>Auditing.</subfield></datafield><datafield ind1='1' ind2=' ' tag='700'><subfield code='a'>Coleman, Russell.</subfield></datafield><datafield ind1='1' ind2=' ' tag='700'><subfield code='a'>Hawken, Helen.</subfield></datafield><datafield ind1='2' ind2=' ' tag='810'><subfield code='a'>Australian National Audit Office.</subfield><subfield code='t'>Audit report ;</subfield><subfield code='v'>2005-2006, no. 16</subfield></datafield><datafield ind1='2' ind2=' ' tag='810'><subfield code='a'>Australian National Audit Office.</subfield><subfield code='t'>Performance report</subfield></datafield><datafield ind1=' ' ind2='4' tag='830'><subfield code='a'>Auditor-General audit report ;</subfield><subfield code='v'>no. 16, 2005-2006</subfield></datafield><datafield ind1=' ' ind2='0' tag='830'><subfield code='a'>Performance audit / Australian National Audit Office</subfield></datafield><datafield ind1=' ' ind2='0' tag='830'><subfield code='a'>Parliamentary paper (Australia. Parliament) ;</subfield><subfield code='v'>2005, no. 434.</subfield></datafield><datafield ind1='4' ind2='1' tag='856'><subfield code='z'>National Library of Australia digitised item. Nq 328.94 AUS copy</subfield><subfield code='u'>https://nla.gov.au/nla.obj-2177313260</subfield><subfield code='x'>fulltext</subfield></datafield></record>